@inproceedings{feller1949theory,
  title={ON THE THEORY OF STOCHASTIC PROCESSES, WITH PARTICULAR REFERENCE TO APPLICATIONS},
  author={FELLER, W},
  booktitle={Proceedings of the Berkeley Symposium on Mathematical Statistics and Probability},
  pages={403},
  year={1949},
  organization={Univ of California Press}
}

@article{duane1987hybrid,
  title={Hybrid monte carlo},
  author={Duane, Simon and Kennedy, Anthony D and Pendleton, Brian J and Roweth, Duncan},
  journal={Physics letters B},
  volume={195},
  number={2},
  pages={216--222},
  year={1987},
  publisher={Elsevier}
}

@inproceedings{neklyudov2020involutive,
  title={Involutive MCMC: a unifying framework},
  author={Neklyudov, Kirill and Welling, Max and Egorov, Evgenii and Vetrov, Dmitry},
  booktitle={International Conference on Machine Learning},
  pages={7273--7282},
  year={2020},
  organization={PMLR}
}

@article{jaynes1957information,
  title={Information theory and statistical mechanics},
  author={Jaynes, Edwin T},
  journal={Physical review},
  volume={106},
  number={4},
  pages={620},
  year={1957},
  publisher={APS}
}

@inproceedings{sohl2015deep,
  title={Deep unsupervised learning using nonequilibrium thermodynamics},
  author={Sohl-Dickstein, Jascha and Weiss, Eric and Maheswaranathan, Niru and Ganguli, Surya},
  booktitle={International conference on machine learning},
  pages={2256--2265},
  year={2015},
  organization={pmlr}
}

@article{ho2020denoising,
  title={Denoising diffusion probabilistic models},
  author={Ho, Jonathan and Jain, Ajay and Abbeel, Pieter},
  journal={Advances in neural information processing systems},
  volume={33},
  pages={6840--6851},
  year={2020}
}

@misc{kingma2013auto,
  title={Auto-encoding variational bayes},
  author={Kingma, Diederik P and Welling, Max and others},
  year={2013},
  publisher={Banff, Canada}
}

@article{burda2015importance,
  title={Importance weighted autoencoders},
  author={Burda, Yuri and Grosse, Roger and Salakhutdinov, Ruslan},
  journal={arXiv preprint arXiv:1509.00519},
  year={2015}
}

@article{dellago2006transition,
  title={Transition path sampling methods},
  author={Dellago, Christoph and Bolhuis, Peter G and Geissler, Phillip L},
  journal={Computer Simulations in Condensed Matter Systems: From Materials to Chemical Biology Volume 1},
  pages={349--391},
  year={2006},
  publisher={Springer}
}

@article{gao2021ab,
  title={Ab-initio potential energy surfaces by pairing GNNs with neural wave functions},
  author={Gao, Nicholas and G{\"u}nnemann, Stephan},
  journal={arXiv preprint arXiv:2110.05064},
  year={2021}
}

@article{helal2024mess,
  title={MESS: Modern Electronic Structure Simulations},
  author={Helal, Hatem and Fitzgibbon, Andrew},
  journal={arXiv preprint arXiv:2406.03121},
  year={2024}
}

@article{mathiasen2024reducing,
  title={Reducing the cost of quantum chemical data by backpropagating through density functional theory},
  author={Mathiasen, Alexander and Helal, Hatem and Balanca, Paul and Krzywaniak, Adam and Parviz, Ali and Hvilsh{\o}j, Frederik and Banaszewski, Blazej and Luschi, Carlo and Fitzgibbon, Andrew William},
  journal={arXiv preprint arXiv:2402.04030},
  year={2024}
}

@article{roothaan1951new,
  title={New developments in molecular orbital theory},
  author={Roothaan, Clemens Carel Johannes},
  journal={Reviews of modern physics},
  volume={23},
  number={2},
  pages={69},
  year={1951},
  publisher={APS}
}

@article{yoshikawa2022automatic,
  title={Automatic differentiation for the direct minimization approach to the Hartree--Fock method},
  author={Yoshikawa, Naruki and Sumita, Masato},
  journal={The Journal of Physical Chemistry A},
  volume={126},
  number={45},
  pages={8487--8493},
  year={2022},
  publisher={ACS Publications}
}

@article{kasim2022dqc,
  title={DQC: A Python program package for differentiable quantum chemistry},
  author={Kasim, Muhammad F and Lehtola, Susi and Vinko, Sam M},
  journal={The Journal of chemical physics},
  volume={156},
  number={8},
  year={2022},
  publisher={AIP Publishing}
}

@article{pribram2015dft,
  title={DFT: A theory full of holes?},
  author={Pribram-Jones, Aurora and Gross, David A and Burke, Kieron},
  journal={Annual review of physical chemistry},
  volume={66},
  number={1},
  pages={283--304},
  year={2015},
  publisher={Annual Reviews}
}

@article{kingma2014adam,
  title={Adam: A method for stochastic optimization},
  author={Kingma, Diederik P and Ba, Jimmy},
  journal={arXiv preprint arXiv:1412.6980},
  year={2014}
}

@article{martens2020new,
  title={New insights and perspectives on the natural gradient method},
  author={Martens, James},
  journal={Journal of Machine Learning Research},
  volume={21},
  number={146},
  pages={1--76},
  year={2020}
}

@article{pfau2020ab,
  title={Ab initio solution of the many-electron {Schr{\"o}dinger} equation with deep neural networks},
  author={Pfau, David and Spencer, James S and Matthews, Alexander GDG and Foulkes, W Matthew C},
  journal={Physical Review Research},
  volume={2},
  number={3},
  pages={033429},
  year={2020},
  publisher={APS}
}

@article{von2022self,
  title={A self-attention ansatz for ab-initio quantum chemistry},
  author={von Glehn, Ingrid and Spencer, James S and Pfau, David},
  journal={arXiv preprint arXiv:2211.13672},
  year={2022}
}

@article{vaswani2017attention,
  title={Attention is all you need},
  author={Vaswani, Ashish and Shazeer, Noam and Parmar, Niki and Uszkoreit, Jakob and Jones, Llion and Gomez, Aidan N and Kaiser, Lukasz and Polosukhin, Illia},
  journal={Advances in neural information processing systems},
  volume={30},
  year={2017}
}